<?xml version="1.0" encoding="UTF-8"?><collection xmlns="http://www.loc.gov/MARC21/slim"><record><leader>00563nam--2200181-i-4500</leader><controlfield tag="001">000014969</controlfield><controlfield tag="002">20161230</controlfield><controlfield tag="005">20161230201031</controlfield><controlfield tag="008">060222s1000------------r-----000-0-fre-d</controlfield><datafield ind1=" " ind2=" " tag="040"><subfield code="a">IFIN-HH</subfield></datafield><datafield ind1=" " ind2=" " tag="041"><subfield code="a">fre</subfield></datafield><datafield ind1=" " ind2=" " tag="080"><subfield code="a">536.7(075)</subfield></datafield><datafield ind1="1" ind2=" " tag="100"><subfield code="a">Bruhat, G</subfield></datafield><datafield ind1="1" ind2="0" tag="245"><subfield code="a">Thermodynamique</subfield><subfield code="b">Cours de physique generale. cinquieme edition entierement remaniee par a. kastler avec la collaboration de r.vichnievsky</subfield><subfield code="c">G. bruhat</subfield></datafield><datafield ind1=" " ind2=" " tag="260"><subfield code="a">Paris</subfield><subfield code="b">Masson And C-ie, Editeurs</subfield><subfield code="c">1962</subfield></datafield><datafield ind1=" " ind2=" " tag="300"><subfield code="a">XXIII + 822 P</subfield></datafield><datafield ind1=" " ind2=" " tag="852"><subfield code="a">76010</subfield><subfield code="c">536.7</subfield></datafield><datafield ind1=" " ind2=" " tag="CAT"><subfield code="a">Sys</subfield><subfield code="c">20110603</subfield><subfield code="h">083314</subfield></datafield></record></collection>